@ARTICLE{bowman:reasoning,
    author = {Bowman, Mic and Debray, Saumya K. and Peterson, Larry L.},
    title = {Reasoning About Naming Systems},
    journal = {ACM Trans. Program. Lang. Syst.},
    volume = {15},
    number = {5},
    pages = {795-825},
    month = {November},
    year = {1993},
    doi = {10.1145/161468.161471},
}

@ARTICLE{braams:babel,
    author = {Braams, Johannes},
    title = {Babel, a Multilingual Style-Option System for Use with LaTeX's Standard Document Styles},
    journal = {TUGboat},
    volume = {12},
    number = {2},
    pages = {291-301},
    month = {June},
    year = {1991},
}

@INPROCEEDINGS{clark:pct,
	AUTHOR = "Malcolm Clark",
	TITLE = "Post Congress Tristesse",
	BOOKTITLE = "TeX90 Conference Proceedings",
	PAGES = "84-89",
	ORGANIZATION = "TeX Users Group",
	MONTH = "March", 
	YEAR = {1991}	}

@ARTICLE{herlihy:methodology,
    author = {Herlihy, Maurice},
    title = {A Methodology for Implementing Highly Concurrent Data Objects},
    journal = {ACM Trans. Program. Lang. Syst.},
    volume = {15},
    number = {5},
    pages = {745-770},
    month = {November},
    year = {1993},
    doi = {10.1145/161468.161469},
}

@BOOK{Lamport:LaTeX,
	AUTHOR = "Leslie Lamport",
	TITLE = "LaTeX User's Guide and Document Reference Manual",
	PUBLISHER = "Addison-Wesley Publishing Company",
	ADDRESS = "Reading, Massachusetts",
	YEAR = "1986"	}

@BOOK{salas:calculus,
	AUTHOR = "S.L. Salas and Einar Hille",
	TITLE = "Calculus: One and Several Variable",
	PUBLISHER = "John Wiley and Sons",
	ADDRESS = "New York",
	YEAR = "1978"	}

@MANUAL{Fear05,
  title = 	 {Publication quality tables in {\LaTeX}},
  author =	 {Simon Fear},
  month =	 {April},
  year =	 2005,
  note =	 {\url{http://www.ctan.org/pkg/booktabs}}
}

@Manual{Amsthm15,
  title = 	 {Using the amsthm Package},
  organization = {American Mathematical Society},
  month =	 {April},
  year =	 2015,
  note =	 {\url{http://www.ctan.org/pkg/amsthm}}
}

@article{scalzo2024using,
  title={USING NATURAL LANGUAGE PROCESSING TO UNDERSTAND THE LIVED EXPERIENCES OF PEOPLE IDENTIFYING WITH ADHD: WHAT THEMES EMERGE IN SOCIAL MEDIA POSTS?},
  author={Scalzo, Gabby C},
  year={2024}
}

@article{abdelnour2022adhd,
  title={ADHD diagnostic trends: increased recognition or overdiagnosis?},
  author={Abdelnour, Elie and Jansen, Madeline O and Gold, Jessica A},
  journal={Missouri medicine},
  volume={119},
  number={5},
  pages={467},
  year={2022},
  publisher={Missouri State Medical Association}
}

@inproceedings{eagle2023you,
  title={“You Can't Possibly Have ADHD”: Exploring Validation and Tensions around Diagnosis within Unbounded ADHD Social Media Communities},
  author={Eagle, Tessa and Ringland, Kathryn E},
  booktitle={Proceedings of the 25th International ACM SIGACCESS Conference on Computers and Accessibility},
  pages={1--17},
  year={2023}
}

@article{ginapp2023experiences,
  title={The experiences of adults with ADHD in interpersonal relationships and online communities: A qualitative study},
  author={Ginapp, Callie M and Greenberg, Norman R and Macdonald-Gagnon, Grace and Angarita, Gustavo A and Bold, Krysten W and Potenza, Marc N},
  journal={SSM-Qualitative Research in Health},
  volume={3},
  pages={100223},
  year={2023},
  publisher={Elsevier}
}
